<?xml version="1.0" encoding="UTF-8"?><collection xmlns="http://www.loc.gov/MARC21/slim"><record><leader>00382nam--2200133-i-4500</leader><controlfield tag="001">000042561</controlfield><controlfield tag="002">20161230</controlfield><controlfield tag="005">20161230201043</controlfield><controlfield tag="008">060222s1000------------r-----000-0-eng-d</controlfield><datafield ind1=" " ind2=" " tag="080"><subfield code="a">621.375.9(043)</subfield></datafield><datafield ind1=" " ind2=" " tag="100"><subfield code="a">Srasilla,Udo J</subfield></datafield><datafield ind1=" " ind2=" " tag="245"><subfield code="a">Varous types of noise in monolithic integrated operational amplifiers</subfield></datafield><datafield ind1=" " ind2=" " tag="260"><subfield code="a">Zurich, Juris Druck-verlag Zurich, 1973. 118 P</subfield></datafield><datafield ind1=" " ind2=" " tag="852"><subfield code="a">43445</subfield></datafield></record></collection>